@inproceedings{Bacci020,
  author    = {Edoardo Bacci and
               David Parker},
  title     = {Probabilistic Guarantees for Safe Deep Reinforcement Learning},
  booktitle = {{FORMATS}},
  pages     = {231--248},
  publisher = {Springer},
  year      = {2020}
}

@inproceedings{SzegedyZSBEGF13,
  author    = {Christian Szegedy and
               Wojciech Zaremba and
               Ilya Sutskever and
               Joan Bruna and
               Dumitru Erhan and
               Ian J. Goodfellow and
               Rob Fergus},
  title     = {Intriguing properties of neural networks},
  booktitle = {{ICLR} (Poster)},
  year      = {2014}
}



@inproceedings{Moosavi-Dezfooli16,
  author    = {Seyed{-}Mohsen Moosavi{-}Dezfooli and
               Alhussein Fawzi and
               Pascal Frossard},
  title     = {DeepFool: {A} Simple and Accurate Method to Fool Deep Neural Networks},
  booktitle = {{CVPR}},
  pages     = {2574--2582},
  publisher = {{IEEE} Computer Society},
  year      = {2016}
}

@inproceedings{HuangKWW17,
  author    = {Xiaowei Huang and
               Marta Kwiatkowska and
               Sen Wang and
               Min Wu},
  title     = {Safety Verification of Deep Neural Networks},
  booktitle = {{CAV} {(1)}},
  pages     = {3--29},
  publisher = {Springer},
  year      = {2017}
}

@inproceedings{KatzBDJK17,
  author    = {Guy Katz and
               Clark W. Barrett and
               David L. Dill and
               Kyle Julian and
               Mykel J. Kochenderfer},
  title     = {Reluplex: An Efficient {SMT} Solver for Verifying Deep Neural Networks},
  booktitle = {{CAV} {(1)}},
  series    = {LNCS},
  volume    = {10426},
  pages     = {97--117},
  publisher = {Springer},
  year      = {2017}
}

@article{PulinaT12,
  author    = {Luca Pulina and
               Armando Tacchella},
  title     = {Challenging {SMT} solvers to verify neural networks},
  journal   = {{AI} Commun.},
  volume    = {25},
  number    = {2},
  pages     = {117--135},
  year      = {2012}
}

@inproceedings{Ehlers17,
  author    = {R{\"{u}}diger Ehlers},
  title     = {Formal Verification of Piece-Wise Linear Feed-Forward Neural Networks},
  booktitle = {{ATVA}},
  pages     = {269--286},
  publisher = {Springer},
  year      = {2017}
}

@inproceedings{BunelTTKM18,
  author    = {Rudy Bunel and
               Ilker Turkaslan and
               Philip H. S. Torr and
               Pushmeet Kohli and
               Pawan Kumar Mudigonda},
  title     = {A Unified View of Piecewise Linear Neural Network Verification},
  booktitle = {NeurIPS},
  pages     = {4795--4804},
  year      = {2018}
}

@inproceedings{KatzHIJLLSTWZDK19,
  author    = {Guy Katz and
               Derek A. Huang and
               Duligur Ibeling and
               Kyle Julian and
               Christopher Lazarus and
               Rachel Lim and
               Parth Shah and
               Shantanu Thakoor and
               Haoze Wu and
               Aleksandar Zeljic and
               David L. Dill and
               Mykel J. Kochenderfer and
               Clark W. Barrett},
  title     = {The Marabou Framework for Verification and Analysis of Deep Neural
               Networks},
  booktitle = {{CAV} {(1)}},
  pages     = {443--452},
  publisher = {Springer},
  year      = {2019}
}

@inproceedings{PulinaT10,
  author    = {Luca Pulina and
               Armando Tacchella},
  title     = {An Abstraction-Refinement Approach to Verification of Artificial Neural
               Networks},
  booktitle = {{CAV}},
  series    = {LNCS},
  volume    = {6174},
  pages     = {243--257},
  publisher = {Springer},
  year      = {2010}
}

@article{XiangTJ18,
  author    = {Weiming Xiang and
               Hoang{-}Dung Tran and
               Taylor T. Johnson},
  title     = {Output Reachable Set Estimation and Verification for Multilayer Neural
               Networks},
  journal   = {{IEEE} Trans. Neural Networks Learn. Syst.},
  volume    = {29},
  number    = {11},
  pages     = {5777--5783},
  year      = {2018}
}



@inproceedings{GehrMDTCV18,
  author    = {Timon Gehr and
               Matthew Mirman and
               Dana Drachsler{-}Cohen and
               Petar Tsankov and
               Swarat Chaudhuri and
               Martin T. Vechev},
  title     = {{AI2:} Safety and Robustness Certification of Neural Networks with
               Abstract Interpretation},
  booktitle = {{IEEE} {SP}},
  pages     = {3--18},
  publisher = {{IEEE} Computer Society},
  year      = {2018}
}


@article{SinghGPV19,
  author    = {Gagandeep Singh and
               Timon Gehr and
               Markus P{\"{u}}schel and
               Martin T. Vechev},
  title     = {An abstract domain for certifying neural networks},
  journal   = {Proc. {ACM} Program. Lang.},
  volume    = {3},
  number    = {{POPL}},
  pages     = {41:1--41:30},
  year      = {2019}
}

@inproceedings{DuttaJST18,
  author    = {Souradeep Dutta and
               Susmit Jha and
               Sriram Sankaranarayanan and
               Ashish Tiwari},
  title     = {Output Range Analysis for Deep Feedforward Neural Networks},
  booktitle = {{NFM}},
  pages     = {121--138},
  publisher = {Springer},
  year      = {2018}
}

@inproceedings{TranYLMNXBJ20,
  author    = {Hoang{-}Dung Tran and
               Xiaodong Yang and
               Die{\-}go Man{\-}zanas Lopez and
               Patrick Musau and
               Luan Viet Nguyen and
               Wei{\-}ming Xiang and
               Stanley Bak and
               Taylor T. Johnson},
  title     = {{NNV:} The Neural Network Verification Tool for Deep Neural Networks
               and Learning-Enabled Cyber-Physical Systems},
  booktitle = {{CAV} {(1)}},
  pages     = {3--17},
  publisher = {Springer},
  year      = {2020}
}

@inproceedings{TranBXJ20,
  author    = {Hoang{-}Dung Tran and
               Stanley Bak and
               Weiming Xiang and
               Taylor T. Johnson},
  title     = {Verification of Deep Convolutional Neural Networks Using ImageStars},
  booktitle = {{CAV} {(1)}},
  series    = {LNCS},
  volume    = {12224},
  pages     = {18--42},
  publisher = {Springer},
  year      = {2020}
}



@inproceedings{BakTHJ20,
  author    = {Stanley Bak and
               Hoang{-}Dung Tran and
               Kerianne Hobbs and
               Taylor T. Johnson},
  title     = {Improved Geometric Path Enumeration for Verifying ReLU Neural Networks},
  booktitle = {{CAV} {(1)}},
  series    = {LNCS},
  volume    = {12224},
  pages     = {66--96},
  publisher = {Springer},
  year      = {2020}
}

@article{GarciaF15,
  author    = {Javier Garc{\'{\i}}a and
               Fernando Fern{\'{a}}ndez},
  title     = {A comprehensive survey on safe reinforcement learning},
  journal   = {J. Mach. Learn. Res.},
  volume    = {16},
  pages     = {1437--1480},
  year      = {2015}
}

@article{LuckcuckFDDF19,
  author    = {Matt Luckcuck and
               Marie Farrell and
               Louise A. Dennis and
               Clare Dixon and
               Michael Fisher},
  title     = {Formal Specification and Verification of Autonomous Robotic Systems:
               {A} Survey},
  journal   = {{ACM} Comput. Surv.},
  volume    = {52},
  number    = {5},
  pages     = {100:1--100:41},
  year      = {2019}
}

@article{alphazero,
  author    = {David Silver and
               Julian Schrittwieser and
               Karen Simonyan and
               Ioannis Antonoglou and
               Aja Huang and
               Arthur Guez and
               Thomas Hubert and
               Lucas Baker and
               Matthew Lai and
               Adrian Bolton and
               Yutian Chen and
               Timothy P. Lillicrap and
               Fan Hui and
               Laurent Sifre and
               George van den Driessche and
               Thore Graepel and
               Demis Hassabis},
  title     = {Mastering the game of Go without human knowledge},
  journal   = {Nat.},
  volume    = {550},
  number    = {7676},
  pages     = {354--359},
  year      = {2017}
}

@inproceedings{KendallHJMRALBS19,
  author    = {Alex Kendall and
               Jeffrey Hawke and
               David Janz and
               Przemyslaw Mazur and
               Daniele Reda and
               John{-}Mark Allen and
               Vinh{-}Dieu Lam and
               Alex Bewley and
               Amar Shah},
  title     = {Learning to Drive in a Day},
  booktitle = {{ICRA}},
  pages     = {8248--8254},
  publisher = {{IEEE}},
  year      = {2019}
}

@inproceedings{FultonP18,
  author    = {Nathan Fulton and
               Andr{\'{e}} Platzer},
  title     = {Safe Reinforcement Learning via Formal Methods: Toward Safe Control
               Through Proof and Learning},
  booktitle = {{AAAI}},
  pages     = {6485--6492},
  publisher = {{AAAI} Press},
  year      = {2018}
}

@inproceedings{AlshiekhBEKNT18,
  author    = {Mohammed Alshiekh and
               Roderick Bloem and
               R{\"{u}}diger Ehlers and
               Bettina K{\"{o}}nighofer and
               Scott Niekum and
               Ufuk Topcu},
  title     = {Safe Reinforcement Learning via Shielding},
  booktitle = {{AAAI}},
  pages     = {2669--2678},
  publisher = {{AAAI} Press},
  year      = {2018}
}

@inproceedings{HasanbeigAK20,
  author    = {Mohammadhosein Hasanbeig and
               Alessandro Abate and
               Daniel Kroening},
  title     = {Cautious Reinforcement Learning with Logical Constraints},
  booktitle = {{AAMAS}},
  pages     = {483--491},
  publisher = {International Foundation for Autonomous Agents and Multiagent Systems},
  year      = {2020}
}

@inproceedings{CattaruzzaASK15,
  author    = {Dario Cattaruzza and
               Alessandro Abate and
               Peter Schrammel and
               Daniel Kroening},
  title     = {Unbounded-Time Analysis of Guarded {LTI} Systems with Inputs by Abstract
               Acceleration},
  booktitle = {{SAS}},
  series    = {LNCS},
  volume    = {9291},
  pages     = {312--331},
  publisher = {Springer},
  year      = {2015}
}


@inproceedings{BogomolovFGH17,
  author    = {Sergiy Bogomolov and
               Goran Freh\-se and
               Mirco Giacobbe and
               Thomas A. Henzinger},
  title     = {Counter\-ex-am\-ple-Guided Refinement of Template Polyhedra},
  booktitle = {{TACAS} {(1)}},
  pages     = {589--606},
  year      = {2017}
}

@inproceedings{FrehseGH18,
  author    = {Goran Frehse and
               Mirco Giacobbe and
               Thomas A. Henzinger},
  title     = {Space-Time Interpolants},
  booktitle = {{CAV} {(1)}},
  pages     = {468--486},
  publisher = {Springer},
  year      = {2018}
}

@inproceedings{SankaranarayananSM05,
  author    = {Sriram Sankaranarayanan and
               Henny B. Sipma and
               Zohar Manna},
  title     = {Scalable Analysis of Linear Systems Using Mathematical Programming},
  booktitle = {{VMCAI}},
  pages     = {25--41},
  publisher = {Springer},
  year      = {2005}
}

@inproceedings{SankaranarayananDI08,
  author    = {Sriram Sankaranarayanan and
               Thao Dang and
               Franjo Ivancic},
  title     = {Symbolic Model Checking of Hybrid Systems Using Template Polyhedra},
  booktitle = {{TACAS}},
  series    = {LNCS},
  volume    = {4963},
  pages     = {188--202},
  publisher = {Springer},
  year      = {2008}
}

@inproceedings{JaegerJLLST19,
  author    = {Manfred Jaeger and
               Peter Gj{\o}l Jensen and
               Kim Guldstrand Larsen and
               Axel Legay and
               Sean Sedwards and
               Jakob Haahr Taankvist},
  title     = {Teaching Stratego to Play Ball: Optimal Synthesis for Continuous Space
               MDPs},
  booktitle = {{ATVA}},
  pages     = {81--97},
  publisher = {Springer},
  year      = {2019}
}

@article{DesjardinsC11,
  author    = {Charles Desjardins and
               Brahim Chaib{-}draa},
  title     = {Cooperative Adaptive Cruise Control: {A} Reinforcement Learning Approach},
  journal   = {{IEEE} Trans. Intell. Transp. Syst.},
  volume    = {12},
  number    = {4},
  pages     = {1248--1260},
  year      = {2011}
}
@article{BrockmanCPSSTZ16,
  author    = {Greg Brockman and
               Vicki Cheung and
               Ludwig Pettersson and
               Jonas Schneider and
               John Schulman and
               Jie Tang and
               Wojciech Zaremba},
  title     = {{OpenAI} Gym},
  journal   = {arXiv:1606.01540},
  year      = {2016}
}
@article{SchulmanWDRK17,
  author    = {John Schulman and
               Filip Wolski and
               Prafulla Dhariwal and
               Alec Radford and
               Oleg Klimov},
  title     = {Proximal Policy Optimization Algorithms},
  journal   = {arXiv:1707.06347},
  year      = {2017}
}

@inproceedings{TjengXT19,
  author    = {Vincent Tjeng and
               Kai Y. Xiao and
               Russ Tedrake},
  title     = {Evaluating Robustness of Neural Networks with Mixed Integer Programming},
  booktitle = {{ICLR} (Poster)},
  publisher = {OpenReview.net},
  year      = {2019}
}

@inproceedings{ChengOMB19,
  author    = {Richard Cheng and
               G{\'{a}}bor Orosz and
               Richard M. Murray and
               Joel W. Burdick},
  title     = {End-to-End Safe Reinforcement Learning through Barrier Functions for
               Safety-Critical Continuous Control Tasks},
  booktitle = {{AAAI}},
  pages     = {3387--3395},
  publisher = {{AAAI} Press},
  year      = {2019}
}

@inproceedings{HasanbeigAK19,
  author    = {Mohammadhosein Hasanbeig and
               Alessandro Abate and
               Daniel Kroening},
  title     = {Logically-Constrained Neural Fitted Q-iteration},
  booktitle = {{AAMAS}},
  pages     = {2012--2014},
  publisher = {IFAAMAS},
  year      = {2019}
}



@inproceedings{HasanbeigKAKPL19,
  author    = {Mohammadhosein Hasanbeig and
               Yiannis Kantaros and
               Alessandro Abate and
               Daniel Kroening and
               George J. Pappas and
               Insup Lee},
  title     = {Reinforcement Learning for Temporal Logic Control Synthesis with Probabilistic
               Satisfaction Guarantees},
  booktitle = {{CDC}},
  pages     = {5338--5343},
  publisher = {{IEEE}},
  year      = {2019}
}

@inproceedings{LiB20,
  author    = {Shuo Li and
               Osbert Bastani},
  title     = {Robust Model Predictive Shielding for Safe Reinforcement Learning
               with Stochastic Dynamics},
  booktitle = {{ICRA}},
  pages     = {7166--7172},
  publisher = {{IEEE}},
  year      = {2020}
}
